<?xml version="1.0" encoding="UTF-8"?><collection xmlns="http://www.loc.gov/MARC21/slim"><record><leader>00324nam--2200121-i-4500</leader><controlfield tag="001">000035021</controlfield><controlfield tag="002">20161230</controlfield><controlfield tag="005">20161230201040</controlfield><controlfield tag="008">060222s1000------------r-----000-0-eng-d</controlfield><datafield ind1=" " ind2=" " tag="100"><subfield code="a">Niese, S./S.A.</subfield></datafield><datafield ind1=" " ind2=" " tag="245"><subfield code="a">Extraktive aufarbeitung bestrahlter kernbrennstoffe</subfield></datafield><datafield ind1=" " ind2=" " tag="260"><subfield code="a">Berlin, Akademie-verlag, 1960. Xi+223p</subfield></datafield><datafield ind1=" " ind2=" " tag="852"><subfield code="a">3812</subfield></datafield></record></collection>